% Encoding: UTF-8
@book{lang_c,
  author    = {Брайан Керниган, Деннис Ритчи.},
  title     = {Язык программирования Си.},
  year      = {2019},
  publisher = {«Вильямс»},
  pages     = {70 - 175},
  language  = {russian}
}

@book{unix_prof,
  author    = {Ричард Стивенс, Стивен Раго.},
  title     = {UNIX. Профессиональное программирование.},
  year      = {2018},
  publisher = {«Питер»},
  pages     = {676 - 718},
  language  = {russian}
}

@misc{opennet,
  title     = {Использование интерфейса сокетов},
  date      = {2024-05-09},
  url       = {https://www.opennet.ru/docs/RUS/socket},
  timestamp = {2002-03-24}
}

@book{linux,
  author    = {Лав Р.},
  title     = {Linux. Системное программирование},
  year      = {2014},
  publisher = {«O’Reilly Media, Питер»},
  pages     = {37 - 365},
  language  = {russian}
}

@book{unix_man,
  author    = {Э. Немет, Г. Снайдер.},
  title     = {Uпix и Linux: руководство системного администратора},
  year      = {2020},
  publisher = {«Диалектика»},
  pages     = {397 - 650},
  language  = {russian}
}
«»
@book{unix_net,
  author    = {Стивенс У. Р., Феннер Б.},
  title     = {UNIX Разработка сетевых приложений.},
  year      = {2007},
  publisher = {«Питер»},
  pages     = {35 - 151},
  language  = {russian}
}

@book{linux_prog,
  author    = {Николай Иванов.},
  title     = {Программирование в Linux. Самоучитель.},
  year      = {2012},
  publisher = {«БХВ-Петербург»},
  pages     = {23 - 344},
  language  = {russian}
}